%
%  An example of a bibliographical database for bibTeX
%
%  Recommended software for maintenance of *.bib files:
%    JabRef, http://jabref.sourceforge.net/
%
%  BEWARE:
%
%    *  If a name contains a capital letter, which must be kept such,
%       use curly brackets ({T}hailand, {HIV}).
%
%  ===========================================================================

@book{halacy1970charles,
	title={Charles Babbage, father of the computer},
	author={Halacy, Daniel Stephen},
	year={1970},
	publisher={Crowell-Collier Press}
}

@article{gpt32020robot,
	author  = {GPT-3},
	date    = {2020-08-08},
	title   = {A robot wrote this entire article. Are you scared yet, human?},
	journal = {The Guardian},
	url     = {https://www.theguardian.com/commentisfree/2020/sep/08/robot-wrote-this-article-gpt-3},
	urldate = {2020-08-08}
}

@article{johnson2022ai,
	author  = {Johnson, Steven and Iziev, Nikita},
	date    = {2022-04-15},
	title   = {A.I. Is Mastering Language. Should We Trust What It Says?},
	journal = {The New York Times},
	url     = {https://www.nytimes.com/2022/04/15/magazine/ai-language.html},
	urldate = {2022-04-15}
}

@article{reiter1997building,
	title={Building applied natural language generation systems},
	author={Reiter, Ehud and Dale, Robert},
	journal={Natural Language Engineering},
	volume={3},
	number={1},
	pages={57--87},
	year={1997},
	publisher={Cambridge university press}
}

@article{mcdonald2010natural,
	title={Natural Language Generation.},
	author={McDonald, David D},
	journal={Handbook of Natural Language Processing},
	volume={2},
	pages={121--144},
	year={2010}
}

@article{mcdonald1993issues,
	title={Issues in the choice of a source for natural language generation},
	author={McDonald, David D},
	journal={Computational Linguistics},
	volume={19},
	number={1},
	pages={191--197},
	year={1993}
}

@inproceedings{liu2019automatic,
	title={Automatic dialogue summary generation for customer service},
	author={Liu, Chunyi and Wang, Peng and Xu, Jiang and Li, Zang and Ye, Jieping},
	booktitle={Proceedings of the 25th ACM SIGKDD International Conference on Knowledge Discovery \& Data Mining},
	pages={1957--1965},
	year={2019}
}

@inproceedings{ritchie2005computational,
	title={Computational mechanisms for pun generation},
	author={Ritchie, Graeme},
	booktitle={Proceedings of the Tenth European Workshop on Natural Language Generation (ENLG-05)},
	year={2005}
}

@article{zeng2020generating,
	title={Generating diagnostic report for medical image by high-middle-level visual information incorporation on double deep learning models},
	author={Zeng, Xianhua and Wen, Li and Xu, Yang and Ji, Conghui},
	journal={Computer Methods and Programs in Biomedicine},
	volume={197},
	pages={105700},
	year={2020},
	publisher={Elsevier}
}

@article{puduppully2022data,
	title={Data-to-text generation with variational sequential planning},
	author={Puduppully, Ratish and Fu, Yao and Lapata, Mirella},
	journal={arXiv preprint arXiv:2202.13756},
	year={2022}
}

@inproceedings{hamalainen2018harnessing,
	title={Harnessing nlg to create finnish poetry automatically},
	author={H{\"a}m{\"a}l{\"a}inen, Mika and others},
	booktitle={Proceedings of the ninth international conference on computational creativity},
	year={2018},
	organization={Association for Computational Creativity (ACC)}
}

@article{thomas2007atlas,
	title={Atlas. txt: Linking geo-referenced data to text for NLG},
	author={Thomas, Kavita and Sripada, Gowri Somayajulu},
	year={2007}
}

@inproceedings{sripada2014case,
	title={A case study: NLG meeting weather industry demand for quality and quantity of textual weather forecasts},
	author={Sripada, Somayajulu and Burnett, Neil and Turner, Ross and Mastin, John and Evans, Dave},
	booktitle={Proceedings of the 8th International Natural Language Generation Conference (INLG)},
	pages={1--5},
	year={2014}
}

@article{carenini2006generating,
	title={Generating and evaluating evaluative arguments},
	author={Carenini, Giuseppe and Moore, Johanna D},
	journal={Artificial Intelligence},
	volume={170},
	number={11},
	pages={925--952},
	year={2006},
	publisher={Elsevier}
}

@inproceedings{araujo2010sinotas,
	title={SINotas: the Evaluation of a NLG Application},
	author={Araujo, Roberto PA and De Oliveira, Rafael L and De Novais, Eder M and Tadeu, Thiago D and Pereira, Daniel Bastos and Paraboni, Ivandr{\'e}},
	booktitle={Proceedings of the Seventh International Conference on Language Resources and Evaluation (LREC'10)},
	year={2010}
}

@inproceedings{barzilay2006aggregation,
	title={Aggregation via set partitioning for natural language generation},
	author={Barzilay, Regina and Lapata, Mirella},
	booktitle={Proceedings of the main conference on Human Language Technology Conference of the North American Chapter of the Association of Computational Linguistics},
	pages={359--366},
	year={2006},
	organization={Citeseer}
}

@article{fikes1971strips,
	title={STRIPS: A new approach to the application of theorem proving to problem solving},
	author={Fikes, Richard E and Nilsson, Nils J},
	journal={Artificial intelligence},
	volume={2},
	number={3-4},
	pages={189--208},
	year={1971},
	publisher={Elsevier}
}

@article{gatt2018survey,
	title={Survey of the state of the art in natural language generation: Core tasks, applications and evaluation},
	author={Gatt, Albert and Krahmer, Emiel},
	journal={Journal of Artificial Intelligence Research},
	volume={61},
	pages={65--170},
	year={2018}
}

@article{ratnaparkhi2000trainable,
	title={Trainable methods for surface natural language generation},
	author={Ratnaparkhi, Adwait},
	journal={arXiv preprint cs/0006028},
	year={2000}
}

@article{duboue2003statistical,
	title={Statistical acquisition of content selection rules for natural language generation},
	author={Duboue, Pablo A and McKeown, Kathleen},
	year={2003}
}

@inproceedings{marciniak2005beyond,
	title={Beyond the pipeline: Discrete optimization in NLP},
	author={Marciniak, Tomasz and Strube, Michael},
	booktitle={Proceedings of the Ninth Conference on Computational Natural Language Learning (CoNLL-2005)},
	pages={136--143},
	year={2005}
}

@article{konstas2013global,
	title={A global model for concept-to-text generation},
	author={Konstas, Ioannis and Lapata, Mirella},
	journal={Journal of Artificial Intelligence Research},
	volume={48},
	pages={305--346},
	year={2013}
}

@article{dimitromanolaki2003learning,
	title={Learning to order facts for discourse planning in natural language generation},
	author={Dimitromanolaki, Aggeliki and Androutsopoulos, Ion},
	journal={arXiv preprint cs/0306062},
	year={2003}
}

@misc{geneea,
	title = {Geneea},
	howpublished = {\url{https://geneea.com/}},
	note = {Accessed: 2022-21-07}
}

@article{et1997generation,
	title={Generation of soccer reports: some results},
	author={et Theune, Mari},
	year={1997},
	publisher={Citeseer}
}

@inproceedings{chen2008learning,
	title={Learning to sportscast: a test of grounded language acquisition},
	author={Chen, David L and Mooney, Raymond J},
	booktitle={Proceedings of the 25th international conference on Machine learning},
	pages={128--135},
	year={2008}
}


